%% This BibTeX bibliography file was created using BibDesk.
%% https://bibdesk.sourceforge.io/

%% Created for El Patron at 2018-10-06 20:08:43 +0200 


%% Saved with string encoding Unicode (UTF-8) 



@online{url:zero-to-domain-admin,
	Author = {Georgia Weidman},
	urldate = {2018-11-15},
	Title = {Scenario-based pen-testing: From zero to domain admin with no missing patches required},
	Url = {https://www.computerworld.com/article/2843632/security0/scenario-based-pen-testing-from-zero-to-domain-admin-with-no-missing-patches-required.html}
}

%%%%%%%%%%%%%%%%%%%% MICROSOFT %%%%%%%%%%%%%%%%%%%%
@online{url:smb-ntlm-authentication,
	Author = {Microsoft},
	urldate = {2018-11-15},
	Title = {NTLM Over Server Message Block (SMB)},
	Url = {https://msdn.microsoft.com/en-us/library/cc669093.aspx}
}

@online{url:account-lockout-policy,
	Author = {Microsoft},
	urldate = {2018-11-17},
	Title = {Account lockout threshold},
	Url = {https://docs.microsoft.com/en-us/windows/security/threat-protection/security-policy-settings/account-lockout-threshold}
}

@online{url:name-resolution,
	Author = {The Cable Guy - Microsoft},
	urldate = {2018-11-20},
	Title = {Link-Local Multicast Name Resolution},
	Url = {https://docs.microsoft.com/en-us/previous-versions//bb878128(v=technet.10)}
}

@online{url:microsoft:name-resolution-order,
	Author = {Microsoft},
	urldate = {2018-11-20},
	Title = {Microsoft TCP/IP Host Name Resolution Order},
	Url = {https://support.microsoft.com/en-us/help/172218/microsoft-tcp-ip-host-name-resolution-order}
}

%%%%%%%%%%%%%%%%%%%% RFC %%%%%%%%%%%%%%%%%%%%

@techreport{url:rfc:netbios,
	AUTHOR = "NetBIOS Working Group",
	TITLE = "{Protocol standard for a NetBIOS service on a TCP/UDP transport: Concepts and methods}",
	HOWPUBLISHED = {Internet Requests for Comments},
	TYPE="{RFC}",
	NUMBER=1002,
	PUBLISHER = "{IETF}",
	INSTITUTION = "{IETF}",
	URL={https://tools.ietf.org/html/rfc1001}
}

@techreport{url:rfc:netbios-technical,
	AUTHOR = "NetBIOS Working Group",
	TITLE = "{Protocol standard for a NetBIOS service on a TCP/UDP transport: Detailed specifiations}",
	HOWPUBLISHED = {Internet Requests for Comments},
	TYPE="{RFC}",
	NUMBER=1002,
	PUBLISHER = "{IETF}",
	INSTITUTION = "{IETF}",
	URL={https://tools.ietf.org/html/rfc1002}
}

@techreport{url:rfc:llmnr,
	AUTHOR = "Aboba, et al.",
	TITLE = "{Link-Local Multicast Name Resolution (LLMNR)}",
	HOWPUBLISHED = {Internet Requests for Comments},
	TYPE="{RFC}",
	NUMBER=4795,
	PUBLISHER = "{IETF}",
	INSTITUTION = "{IETF}",
	URL={https://tools.ietf.org/html/rfc1002}
}

@techreport{url:rfc:dns,
	AUTHOR = "Mockapetris",
	TITLE = "{Domain Names - Implementation and specifiation}",
	HOWPUBLISHED = {Internet Requests for Comments},
	TYPE="{RFC}",
	NUMBER=1035,
	PUBLISHER = "{IETF}",
	INSTITUTION = "{IETF}",
	URL={https://tools.ietf.org/html/rfc1035}
}

