@article{PP95,
  author = "Adam Parusi\'nski and Piotr Pragacz",
   title = "A formula for the {E}uler characteristic of singular hypersurfaces",
 journal = "J. Alg. Geom.",
  volume = 4,
    year = 1995,
   pages = "337-351"}
    
@article{Bry82,
  author = "Jean--Luc Brylinski",
   title = "({C}o)--{H}omologie d'intersection et faisceaux pervers",
 journal = "S\'eminaire Bourbaki",
  volume = 585,
    year = 1982,
   pages = "129--157"}